@article{stroustrup2013c++,
  title={The C++ programming language},
  author={Stroustrup, Bjarne},
  year={2013},
  publisher={Addison-Wesley}
}

@Misc{genericruntime,
	Title                    = {Generics in the runtime},
	HowPublished             = {\url{https://msdn.microsoft.com/en-us/library/f4a6ta2h.aspx}},
	Note                     = {Visited: 2015-03-31}
}

@book{algo,
	title={Introduction to algorithms},
	author={Cormen, Thomas H and Leiserson, Charles E and Rivest, Ronald L and Stein, Clifford and others},
	volume={2},
	year={2001},
	publisher={MIT press Cambridge}
}